@InProceedings{perera-sumanathilaka:0:myconference,
  author    = {Perera, Sandun Sameera  and  Sumanathilaka, Deshan Koshala},
  title     = {Machine Translation and Transliteration for Indo-Aryan Languages: A Systematic Review},
  booktitle      = {TOBEFILLED-Proceedings of the Second Workshop on Building Educational Applications Using NLP},
  month          = {TOBEFILLED-June},
  year           = {TOBEFILLED-1},
  address        = {TOBEFILLED-Ann Arbor, Michigan},
  publisher      = {Association for Computational Linguistics},
  pages     = {23--33},
  abstract  = {This systematic review paper provides an overview of recent machine translation and transliteration developments for Indo-Aryan languages spoken by a large population across South Asia. The paper examines advancements in translation and transliteration systems for a few language pairs which appear in recently published papers. The review summarizes the current state of these technologies, providing a worthful resource for anyone who is doing research in these fields to understand and find existing systems and techniques for translation and transliteration.},
  url       = {https://aclanthology.org/TOBEFILLED-1.myconference-1.3}
}

